@article{greenwade93,
    author = "George D. Greenwade",
    title = "The {C}omprehensive {T}ex {A}rchive {N}etwork ({CTAN})",
    year = "1993",
    journal = "TUGBoat",
    volume  = "14",
    number  = "3",
    pages   = "342--351"
},

@book{thomas2009,
    author = "Thomas H. Cormen and Charles E. Leiserson and Ronald L. Rivest and Clifford Stein",
    title = "Introduction to Algorithm",
    edition = "Third Edition",
    publisher = "The MIT Press",
    year = "2009"
},

@manual{intelArchManual2017,
    title = "Intel \trademarker 64 and IA-32 Archtectures \
             Software Developer's Manual \
             Volume 2",
    year = "2017"
},

@mastersthesis{test2019,
    author = "",
    title = "",
    school = "",
    year = ""
},

@phdthesis{testphd2019,
    author = "",
    title = "",
    school = "",
    year = ""
},

@techreport{testreport,
    author = "",
    title = "",
    institution = "",
    year = ""
},

@misc{website:fermentas-lambda,
    author = "Fermentas Inc.",
    title = "Phage Lambda: description \& restriction map",
    month = "November",
    year = "2008",
    url = "http://www.fermentas.com/techinfo/nucleicacids/maplambda.htm"
},
